@article{SOFIA,
	title = {SOFIA: Software and Control Flow Integrity Architecture},
	author = {Ruan de Clercq and Ronald De Keulenaer and Bart Coppens and Bohan Yang and Pieter Maene and Koen de Bosschere and Bart Preneel and Bjorn de Sutter and Ingrid Verbauwhede},
	booktitle = {Design, Automation & Test in Europe Conference & Exhibition (DATE)},
	pages = {1172-1177},
	year = {2016},
	month = {03}
	}


@article{bauer2009composing,
  title={Composing expressive runtime security policies},
    author={Bauer, Lujo and Ligatti, Jay and Walker, David},
      journal={ACM Transactions on Software Engineering and Methodology (TOSEM)},
        volume={18},
	  number={3},
	    pages={9},
	      year={2009},
	        publisher={ACM}
		}

@article{arora2006hardware,
  title={Hardware-assisted run-time monitoring for secure program execution on embedded processors},
    author={Arora, Divya and Ravi, Srivaths and Raghunathan, Anand and Jha, Niraj K},
      journal={IEEE Transactions on Very Large Scale Integration (VLSI) Systems},
        volume={14},
	  number={12},
	    pages={1295--1308},
	      year={2006},
	        publisher={IEEE}
		}

@article{abadi2009control,
  title={Control-flow integrity principles, implementations, and applications},
    author={Abadi, Mart{\'\i}n and Budiu, Mihai and Erlingsson, {\'U}lfar and Ligatti, Jay},
      journal={ACM Transactions on Information and System Security (TISSEC)},
        volume={13},
	  number={1},
	    pages={4},
	      year={2009},
	        publisher={ACM}
		}
		

@article{morris1973protection,
  title={Protection in programming languages},
    author={Morris Jr, James H},
      journal={Communications of the ACM},
        volume={16},
	  number={1},
	    pages={15--21},
	      year={1973},
	        publisher={ACM}
		}
		

@article{choi2017kami,
  title={Kami: a platform for high-level parametric hardware specification and its modular verification},
    author={Choi, Joonwon and Vijayaraghavan, Muralidaran and Sherman, Benjamin and Chlipala, Adam and others},
      journal={Proceedings of the ACM on Programming Languages},
        volume={1},
	  number={ICFP},
	    pages={24},
	      year={2017},
	        publisher={ACM}
		}

@inproceedings{nikhil2004bluespec,
  title={Bluespec System Verilog: efficient, correct RTL from high level specifications},
    author={Nikhil, Rishiyur},
      booktitle={Formal Methods and Models for Co-Design, 2004. MEMOCODE'04. Proceedings. Second ACM and IEEE International Conference on},
        pages={69--70},
	  year={2004},
	    organization={IEEE}
	    }
	

@technicalreport{ferraiuolo2017secverilogbl,
  title = {Lightweight Verification of Secure Hardware Isolation Through Static Information Flow Analysis (Technical Report)},
  author = {Ferraiuolo, Andrew and Xu, Rui and Zhang, Danfeng and Meyers, Andrew C. and Suh, G. Edward},
  year = {2017},
  month = {01},
  day = {29}
}

@inproceedings{procter2015rewire,
  title = {Semantics Driven Hardware Design, Implementation, and Verification with ReWire},
  author = {Procter, Adam and Harrison, William L and Graves, Ian and Becci, Michela and Allwein, Gerard},
  booktitle = {ACM Conference on Languages, Compilers, Tools, and Theory for Embedded Systems (LCTES)},
    volume = {16},

    year = {2015},
    month = {06}
}

@inproceedings{tiwari2009glift,
  title = {Complete Information Flow Tracking from the Gates Up},
  author = {Tiwari, Mohit and Wassel, Hassan M G and Mazloom, Bita and Mysore, Shashidhar and Chong, Frederic T and Sherwood, Timothy},
  booktitle = {Proceedings of the 14th International Conference on Architectural Support for Programming Languages and Operating Systems (ASPLOS)},
    volume = {14},
  pages = {427-443},
    year = {2009},
    month = {03},
}

@inproceedings{pump_oakland2015,
  author = {Arthur {Azevedo de Amorim} and
            Maxime D\'en\`es and
            Nick Giannarakis and
            C\u{a}t\u{a}lin Hri\c{t}cu and
            Benjamin C. Pierce and
            Antal Spector-Zabusky and
           Andrew Tolmach},
  title = {Micro-Policies: Formally Verified, Tag-Based Security Monitors},
  booktitle = {36th IEEE Symposium on Security and Privacy (Oakland S\&P)},
  year = {2015},
  month = may,
  short = {http://prosecco.gforge.inria.fr/personal/hritcu/publications/micro-policies.pdf},
  fullurl = {https://www.cis.upenn.edu/~aarthur/micro-policies-full.pdf},
  slides = {http://www.seas.upenn.edu/~aarthur/micro-policies-slides.pdf},
  publisher = {IEEE},
  acceptance = {55/420=0.13},
}

@article{kozen1997kat,
  title = {Kleene Algebra with Tests},
  author = {Kozen, Dexter},
  booktitle = {ACM Trans. Program. Lang. Syst.},
    volume = {19},
  pages = {427-443},
    year = {1997},
    month = {05},
}

@inproceedings{anderson2014netkat,
  title = {NetKAT: Semantic Foundations for Networks},
  author = {Jane Anderson, Carolyn and Foster, Nate and Guha, Arjun and Jeannin, Jean-Baptiste and Kozen, Dexter and Schlesinger, Cole and Walker, David},
  booktitle = {Conference Record of the Annual ACM Symposium on Principles of Programming Languages},
    volume = {49},
  pages = {113-126},
    year = {2014},
    month = {01}
}

@inproceedings{waksman2010trustnetdatawatch,
  title = {Tamper Evident Microprocessors},
  author = {Waksman, Adam and Sethumadhavan, Simha},
  booktitle = {Proceedings - IEEE Symposium on Security and Privacy},
  pages = {173-188},
    year = {2010},
    month = {01},
}

@unknown{bidmeshki2015vericoq,
  title = {VeriCoq: A Verilog-to-Coq converter for proof-carrying hardware automation},
  author = {Bidmeshki, Mohammad-Mahdi and Makris, Yiorgos},
  pages = {29-32},
    year = {2015},
    month = {05}
}

@unknown{dalton2007raksha,
  title = {Raksha: A Flexible Information Flow Architecture for Software Security},
  author = {Dalton, Michael and Kannan, Hari and Kozyrakis, Christos},
  pages = {482-493},
    year = {2007},
    month = {01},
}

@article{zhang2015secverilog,
  title = {A Hardware Design Language for Timing-Sensitive Information-Flow Security},
  author = {Zhang, Danfeng and Wang, Yao and Edward Suh, G and Myers, Andrew},
  booktitle = {ACM SIGPLAN Notices},
    volume = {50},
  pages = {503-516},
    year = {2015},
    month = {05}
}

@inproceedings{SOFIA,
  title={SOFIA: software and control flow integrity architecture},
    author={De Clercq, Ruan and De Keulenaer, Ronald and Coppens, Bart and Yang, Bohan and Maene, Pieter and De Bosschere, Koen and Preneel, Bart and De Sutter, Bjorn and Verbauwhede, Ingrid},
      booktitle={Design, Automation \& Test in Europe Conference \& Exhibition (DATE), 2016},
        pages={1172--1177},
	  year={2016},
	    organization={IEEE}
	    }

@inproceedings{li2014sapper,
  title = {Sapper: A Language for Hardware-Level Security Policy Enforcement},
  author = {Li, Xun and Kashyap, Vineeth and K. Oberg, Jason and Tiwari, Mohit and Rajarathinam, Vasanth Ram and Kastner, Ryan and Sherwood, Timothy and Hardekopf, Ben and T. Chong, Frederic},
  booktitle = {International Conference on Architectural Support for Programming Languages and Operating Systems - ASPLOS},
    volume = {49},
  pages = {97-112},
    year = {2014},
    month = {02}
}

@inproceedings{li2011caisson,
  title = {Caisson: A Hardware Description Language for Secure Information Flow},
    author = {Li, Xun and Tiwari, Mohit and K. Oberg, Jason and Kashyap, Vineeth and T. Chong, Frederic and Sherwood, Timothy and Hardekopf, Ben},
    booktitle = {Proceedings of the ACM SIGPLAN Conference on Programming Language Design and Implementation (PLDI)},
      volume = {46},
    pages = {109-120},
      year = {2011},
      month = {06}
}

@inproceedings{wahbe1994efficient,
  title={Efficient software-based fault isolation},
    author={Wahbe, Robert and Lucco, Steven and Anderson, Thomas E and Graham, Susan L},
      booktitle={ACM SIGOPS Operating Systems Review},
        volume={27},
	  number={5},
	    pages={203--216},
	      year={1994},
	        organization={ACM}
		}

@inproceedinpgs{dhawan2014pump,
  title={Pump: a programmable unit for metadata processing},
    author={Dhawan, Udit and Vasilakis, Nikos and Rubin, Raphael and Chiricescu, Silviu and Smith, Jonathan M and Knight Jr, Thomas F and Pierce, Benjamin C and DeHon, Andr{\'e}},
      booktitle={Proceedings of the Third Workshop on Hardware and Architectural Support for Security and Privacy},
        pages={8},
	  year={2014},
	    organization={ACM}
	    }


@inproceedings{zermelo1913anwendung,
  title={{\"U}ber eine Anwendung der Mengenlehre auf die Theorie des Schachspiels},
    author={Zermelo, Ernst},
      booktitle={Proceedings of the fifth international congress of mathematicians},
        volume={2},
	  pages={501--504},
	    year={1913},
	      organization={II, Cambridge UP, Cambridge}
	      }

@article{borel1921theorie,
  title={La th{\'e}orie du jeu et les {\'e}quations int{\'e}grales {\`a} noyau sym{\'e}trique},
    author={Borel, Emile},
      journal={Comptes rendus de lâ€™Acad{\'e}mie des Sciences},
        volume={173},
	  number={1304-1308},
	    pages={58},
	      year={1921}
	      }

@inproceedings{bachelier1901theorie,
  title={Th{\'e}orie math{\'e}matique du jeu},
    author={Bachelier, Louis},
      booktitle={Annales Scientifiques de l'Ecole Normale Sup{\'e}rieure},
        volume={18},
	  pages={143--209},
	    year={1901},
	      organization={Elsevier}
	      }	

@article{sergey2018programming,
  title={Programming and proving with distributed protocols},
    author={Sergey, Ilya and Wilcox, James R and Tatlock, Zachary},
      journal={Proceedings of the ACM on Programming Languages},
        volume={2},
	  number={POPL},
	    pages={28},
	      year={2018},
	        publisher={ACM}
		}

@inproceedings{bagnall2017podc,
 author = {Bagnall, Alexander and Merten, Samuel and Stewart, Gordon},
  title = {Brief Announcement: Certified Multiplicative Weights Update: Verified Learning Without Regret},
   booktitle = {Proceedings of the ACM Symposium on Principles of Distributed Computing},
    series = {PODC '17},
     year = {2017},
      publisher = {ACM},
	       }
	

@article{panchekha2015automatically,
  title={Automatically improving accuracy for floating point expressions},
    author={Panchekha, Pavel and others},
      journal={ACM SIGPLAN Notices},
        volume={50},
	  number={6},
	    pages={1--11},
	      year={2015},
	        publisher={ACM}
		}

@inproceedings{ramananandro2016unified,
  title={A unified {C}oq framework for verifying {C} programs with floating-point computations},
    author={Ramananandro, Tahina and others},
      booktitle={Proceedings of the 5th ACM SIGPLAN Conference on Certified Programs and Proofs},
	  year={2016},
	    organization={ACM}
	    }

@book{sutton1998reinforcement,
  title={Reinforcement Learning: An introduction},
    author={Sutton, Richard S and Barto, Andrew G},
      volume={1},
	  year={1998},
	    publisher={MIT press Cambridge}
	    }

@article{gittins1979bandit,
  title={Bandit processes and dynamic allocation indices},
    author={Gittins, John C},
      journal={Journal of the Royal Statistical Society. Series B (Methodological)},
        pages={148--177},
	  year={1979},
	    publisher={JSTOR}
	    }

@inproceedings{hu1998multiagent,
  title={Multiagent reinforcement learning: theoretical framework and an algorithm.},
    author={Hu, Junling and Wellman, Michael P and others},
      booktitle={ICML},
        volume={98},
	  pages={242--250},
	    year={1998},
	      organization={Citeseer}
	      }
	

@article{watkins1992q,
  title={Q-learning},
    author={Watkins, Christopher JCH and Dayan, Peter},
      journal={Machine Learning},
        volume={8},
	  number={3-4},
	    pages={279--292},
	      year={1992},
	        publisher={Springer}
		}
		

@book{cesa2006prediction,
  title={Prediction, learning, and games},
    author={Cesa-Bianchi, Nicolo and Lugosi, G{\'a}bor},
      year={2006},
        publisher={Cambridge university press}
	}

@article{daskalakis2009complexity,
  title={The complexity of computing a Nash equilibrium},
    author={Daskalakis, Constantinos and Goldberg, Paul W and Papadimitriou, Christos H},
      journal={SIAM Journal on Computing},
        volume={39},
	  number={1},
	    pages={195--259},
	      year={2009},
	        publisher={SIAM}
		}

@inproceedings{freund1995decision,
  title={A decision-theoretic generalization of on-line learning and an application to boosting},
    author={Freund, Yoav and Schapire, Robert E},
      booktitle={European conference on computational learning theory},
        pages={23--37},
	  year={1995},
	    organization={Springer}
	    }
	

%% Coq- and PL-related

@inproceedings{letouzey2002new,
  title={A new extraction for Coq},
    author={Letouzey, Pierre},
      booktitle={International Workshop on Types for Proofs and Programs},
        pages={200--219},
	  year={2002},
	    organization={Springer},
	    }

@inproceedings{barthe2014probabilistic,
  title={Probabilistic relational verification for cryptographic implementations},
    author={Barthe, Gilles and Fournet, C{\'e}dric and Gr{\'e}goire, Benjamin and Strub, Pierre-Yves and Swamy, Nikhil and Zanella-B{\'e}guelin, Santiago},
      booktitle={ACM SIGPLAN Notices},
        volume={49},
	    pages={193--205},
	      year={2014},
	        organization={ACM}
		}

@article{hurd2005probabilistic,
  title={Probabilistic guarded commands mechanized in {HOL}},
    author={Hurd, Joe and McIver, Annabelle and Morgan, Carroll},
      journal={Theoretical Computer Science},
        volume={346},
	    pages={96--112},
	      year={2005},
	        publisher={Elsevier}
		}

@inproceedings{scibior2015practical,
  title={Practical probabilistic programming with monads},
    author={{\'S}cibior, Adam and Ghahramani, Zoubin and Gordon, Andrew D},
      booktitle={ACM SIGPLAN Notices},
        volume={50},
	    pages={165--176},
	      year={2015},
	        organization={ACM}
		}

@inproceedings{gordon2014probabilistic,
  title={Probabilistic Programming},
    author={Gordon, Andrew D and Henzinger, Thomas A and Nori, Aditya V and Rajamani, Sriram K},
      booktitle={Proceedings of Future of Software Engineering},
        pages={167--181},
	  year={2014},
	    organization={ACM}
	    }

@inproceedings{klein2010l4,
  title={The {L4}.{V}erified {P}roject--{N}ext {S}teps},
    author={Klein, Gerwin},
      booktitle={International Conference on Verified Software: Theories, Tools, and Experiments},
        pages={86--96},
	  year={2010},
	    organization={Springer}
	    }

@inproceedings{gu2016certikos,
  title={Certi{KOS}: An Extensible Architecture for Building Certified Concurrent OS Kernels},
    author={Gu, Ronghui and Shao, Zhong and Chen, Hao and Wu, Xiongnan Newman and Kim, Jieung and Sj{\"o}berg, Vilhelm and Costanzo, David},
      booktitle={12th USENIX Symposium on Operating Systems Design and Implementation (OSDI 16)},
        year={2016}
	}

@article{cardelli2008process,
  title={On process rate semantics},
    author={Cardelli, Luca},
      journal={Theoretical Computer Science},
        volume={391},
	  number={3},
	    pages={190--215},
	      year={2008},
	        publisher={Elsevier}
		}

@article{hyland1997game,
  title={Game semantics},
    author={Hyland, Martin},
      journal={Semantics and logics of computation},
        volume={14},
	  pages={131},
	    year={1997},
	      publisher={Cambridge University Press}
	      }

@article{abramsky1997semantics,
  title={Semantics of interaction: an introduction to game semantics},
    author={Abramsky, Samson and others},
      journal={Semantics and Logics of Computation},
        volume={14},
	  number={1},
	    year={1997},
	      publisher={Cambridge University Press}
	      }

@inproceedings{dockins2009fresh,
  title={A fresh look at separation algebras and share accounting},
    author={Dockins, Robert and Hobor, Aquinas and Appel, Andrew W},
      booktitle={Asian Symposium on Programming Languages And Systems},
        pages={161--177},
	  year={2009},
	    organization={Springer}
	    }

@book{bertot2013interactive,
  title={Interactive theorem proving and program development: {Coqâ€™Art}: the calculus of inductive constructions},
    author={Bertot, Yves and Cast{\'e}ran, Pierre},
      year={2013},
        publisher={Springer}
	}
	


@article{spitters2011type,
  title={Type classes for mathematics in type theory},
    author={Spitters, Bas and Van der Weegen, Eelis},
      journal={Mathematical Structures in Computer Science},
        volume={21},
	  number={04},
	    pages={795--825},
	      year={2011},
	        publisher={Cambridge University Press}
		}
		

@techreport{gonthier2015small,
  title={A small scale reflection extension for the {Coq} system},
    author={Gonthier, Georges and Mahboubi, Assia and Tassi, Enrico},
      year={2015},
        institution={{INRIA}}
	}

@inproceedings{beringer2014verified,
  title={Verified compilation for shared-memory {C}},
    author={Beringer, Lennart and Stewart, Gordon and Dockins, Robert and Appel, Andrew W},
      booktitle={European Symposium on Programming Languages and Systems},
        pages={107--127},
	  year={2014},
	    organization={Springer Berlin Heidelberg}
	    }

@inproceedings{stewart2015compositional,
  title={{Compositional CompCert}},
    author={Stewart, Gordon and Beringer, Lennart and Cuellar, Santiago and Appel, Andrew W},
      booktitle={Proceedings of the 42nd Annual ACM SIGPLAN-SIGACT Symposium on Principles of Programming Languages},
        pages={275--287},
	  year={2015},
	    organization={ACM}
	    }

@article{leroy2009formal,
  title={Formal verification of a realistic compiler},
    author={Leroy, Xavier},
      journal={Communications of the ACM},
        volume={52},
	  number={7},
	    pages={107--115},
	      year={2009},
	        publisher={ACM}
		}

@inproceedings{kroll2014portable,
  title={Portable software fault isolation},
    author={Kroll, Joshua A and Stewart, Gordon and Appel, Andrew W},
      booktitle={2014 IEEE 27th Computer Security Foundations Symposium},
        pages={18--32},
	  year={2014},
	    organization={IEEE}
	    }

@incollection{stewart2013computational,
  title={Computational verification of network programs in {Coq}},
    author={Stewart, Gordon},
      booktitle={Certified Programs and Proofs},
        pages={33--49},
	  year={2013},
	    publisher={Springer International Publishing}
	    }

@article{stewart2012verified,
  title={Verified heap theorem prover by paramodulation},
    author={Stewart, Gordon and Beringer, Lennart and Appel, Andrew W},
      journal={ACM SIGPLAN Notices},
        volume={47},
	  number={9},
	    pages={3--14},
	      year={2012},
	        publisher={ACM}
		}

@inproceedings{stewart2015ziria,
  title={{Ziria}: A {DSL} for wireless systems programming},
    author={Stewart, Gordon and Gowda, Mahanth and Mainland, Geoffrey and Radunovic, Bozidar and Vytiniotis, Dimitrios and Agull{\'o}, Cristina Luengo},
      booktitle={ACM SIGPLAN Notices},
        volume={50},
	    pages={415--428},
	      year={2015},
	        organization={ACM}
		}

%% PL, Distr. Systems Verification

@inproceedings{lesani2016chapar,
  title={{Chapar}: certified causally consistent distributed key-value stores},
  author={Lesani, Mohsen and Bell, Christian J and Chlipala, Adam},
  booktitle={ACM SIGPLAN Notices},
  volume={51},
  year={2016},
  organization={ACM}
}

@inproceedings{wilcox2015verdi,
  title={{Verdi}: a framework for implementing and formally verifying distributed systems},
  author={Wilcox, James R and Woos, Doug and Panchekha, Pavel and Tatlock, Zachary and Wang, Xi and Ernst, Michael D and Anderson, Thomas},
  booktitle={ACM SIGPLAN Notices},
  volume={50},
  pages={357--368},
  year={2015},
  organization={ACM}
}

@misc{verdi2016src,
  title={Verdi source code},
  author = {Wilcox, James R and Woos, Doug and Panchekha, Pavel and Tatlock, Zachary and Wang, Xi and Ernst, Michael D and Anderson, Thomas},
  howpublished = "\url{https://github.com/uwplse/verdi}",
  year = {2016},
  note = "[Online; accessed 6-August-2016]"
}

@inproceedings{woos2016planning,
  title={Planning for change in a formal verification of the raft consensus protocol},
    author={Woos, Doug and Wilcox, James R and Anton, Steve and Tatlock, Zachary and Ernst, Michael D and Anderson, Thomas},
      booktitle={Proceedings of the 5th ACM SIGPLAN Conference on Certified Programs and Proofs},
        pages={154--165},
	  year={2016},
	    organization={ACM}
	    }

@inproceedings{rahli2012interfacing,
  title={Interfacing with proof assistants for domain specific programming using {EventML}},
    author={Rahli, Vincent},
      booktitle={Proceedings of the 10th International Workshop On User Interfaces for Theorem Provers, Bremen, Germany},
        year={2012}
	}

@article{bishop2006engineering,
  title={Engineering with logic: {HOL} specification and symbolic-evaluation testing for {TCP} implementations},
    author={Bishop, Steve and Fairbairn, Matthew and Norrish, Michael and Sewell, Peter and Smith, Michael and Wansbrough, Keith},
      journal={ACM SIGPLAN Notices},
        volume={41},
	  number={1},
	    pages={55--66},
	      year={2006},
	        publisher={ACM}
		}

@inproceedings{schiper2014developing,
  title={Developing correctly replicated databases using formal tools},
    author={Schiper, Nicolas and Rahli, Vincent and Van Renesse, Robbert and Bickford, Marck and Constable, Robert L},
      booktitle={2014 44th Annual IEEE/IFIP International Conference on Dependable Systems and Networks},
        pages={395--406},
	  year={2014},
	    organization={IEEE}
	    }

@inproceedings{ridge2009verifying,
  title={Verifying distributed systems: the operational approach},
    author={Ridge, Thomas},
      booktitle={ACM SIGPLAN Notices},
        volume={44},
	    pages={429--440},
	      year={2009},
	        organization={ACM}
		}
	
	
@book{lamport2002specifying,
  title={Specifying systems: the {TLA+} language and tools for hardware and software engineers},
    author={Lamport, Leslie},
      year={2002},
        publisher={Addison-Wesley Longman Publishing Co., Inc.}
	}

%% Model Checking

@inproceedings{killian2007life,
  title={Life, death, and the critical transition: {F}inding liveness bugs in systems code},
    author={Killian, Charles and Anderson, James W and Jhala, Ranjit and Vahdat, Amin},
      year={2007},
      booktitle={Proceedings of the 4th USENIX Symposium on Networked Systems Design and Implementation},
	}
	

@inproceedings{killian2007mace,
  title={Mace: language support for building distributed systems},
    author={Killian, Charles Edwin and Anderson, James W and Braud, Ryan and Jhala, Ranjit and Vahdat, Amin M},
      booktitle={ACM SIGPLAN Notices},
        volume={42},
	    pages={179--188},
	      year={2007},
	        organization={ACM}
		}

@inproceedings{cimatti2002nusmv,
  title={{NuSMV 2}: An opensource tool for symbolic model checking},
    author={Cimatti, Alessandro and Clarke, Edmund and Giunchiglia, Enrico and Giunchiglia, Fausto and Pistore, Marco and Roveri, Marco and Sebastiani, Roberto and Tacchella, Armando},
      booktitle={International Conference on Computer Aided Verification},
        pages={359--364},
	  year={2002},
	    organization={Springer}
	    }

@incollection{mcmillan1993symbolic,
  title={Symbolic model checking},
    author={McMillan, Kenneth L},
      booktitle={Symbolic Model Checking},
        pages={25--60},
	  year={1993},
	    publisher={Springer}
	    }

@inproceedings{lin2009modist,
  title={{MODIST}: transparent model checking of unmodified distributed systems},
    author={Lin, Haoxiang and Yang, Mao and Long, Fan and Zhang, Lintao and Zhou, Lidong},
      year={2009},
      booktitle={Proceedings of the 6th USENIX Symposium on Networked Systems Design and Implementation},
	}

@inproceedings{brim2004accepting,
  title={Accepting predecessors are better than back edges in distributed LTL model-checking},
    author={Brim, Lubo{\v{s}} and {\v{C}}ern{\'a}, Ivana and Moravec, Pavel and {\v{S}}im{\v{s}}a, Ji{\v{r}}{\'\i}},
      booktitle={International Conference on Formal Methods in Computer-Aided Design},
        pages={352--366},
	  year={2004},
	    organization={Springer}
	    }

@inproceedings{john2013parameterized,
  title={Parameterized model checking of fault-tolerant distributed algorithms by abstraction.},
    author={John, Annu and Konnov, Igor and Schmid, Ulrich and Veith, Helmut and Widder, Josef},
      booktitle={FMCAD},
        pages={201--209},
	  year={2013}
	  }

@inproceedings{yabandeh2009crystalball,
  title={{CrystalBall}: {P}redicting and Preventing Inconsistencies in Deployed Distributed Systems.},
    author={Yabandeh, Maysam and Knezevic, Nikola and Kostic, Dejan and Kuncak, Viktor},
      booktitle={NSDI},
	    year={2009}
	    }

@article{zave2012using,
  title={Using lightweight modeling to understand {Chord}},
    author={Zave, Pamela},
      journal={ACM SIGCOMM Computer Communication Review},
        volume={42},
	  number={2},
	    pages={49--57},
	      year={2012},
	        publisher={ACM}
		}

@inproceedings{kufner2012formal,
  title={Formal verification of distributed algorithms},
    author={K{\"u}fner, Philipp and Nestmann, Uwe and Rickmann, Christina},
      booktitle={IFIP International Conference on Theoretical Computer Science},
        pages={209--224},
	  year={2012},
	    organization={Springer}
	    }
	


%% Algorithmic Game Theory

@article{vickrey1961counterspeculation,
  title={Counterspeculation, auctions, and competitive sealed tenders},
    author={Vickrey, William},
      journal={The Journal of finance},
        volume={16},
	  number={1},
	    pages={8--37},
	      year={1961},
	        publisher={Wiley Online Library}
		}

@article{clarke1971multipart,
  title={Multipart pricing of public goods},
    author={Clarke, Edward H},
      journal={Public choice},
        volume={11},
	  number={1},
	    pages={17--33},
	      year={1971},
	        publisher={Springer}
		}


@article{groves1973incentives,
  title={Incentives in teams},
    author={Groves, Theodore},
      journal={Econometrica: Journal of the Econometric Society},
        pages={617--631},
	  year={1973},
	    publisher={JSTOR}
	    }
	

@book{agt-book,
  title={{Algorithmic Game Theory}},
  author={Nisan, Noam and Roughgarden, Tim and Tardos, Eva and Vazirani, Vijay V},
  volume={1},
  year={2007},
  publisher={Cambridge University Press}
}

@book{twentylectures,
  title={Twenty {L}ectures on {Algorithmic Game Theory}},
  author={Tim Roughgarden},
  year={2016},
  publisher={Cambridge University Press}
}

@book{neumann1944theory,
  title={Theory of games and economic behavior},
    author={Neumann, J von and Morgenstern, Oskar},
      volume={60},
        year={1944},
	  publisher={Princeton University Press}
	  }

@article{nash1950equilibrium,
  title={Equilibrium in N-Player Games},
    author={Nash, John F},
      journal={Proceedings of the National Academy of the Sciences (PNAS)},
        volume={36},
	  number={1},
	    pages={48--49},
	      year={1950}
	      }

@article{nash1951non,
  title={Non-cooperative games},
    author={Nash, John},
      journal={Annals of mathematics},
        pages={286--295},
	  year={1951},
	    publisher={JSTOR}
	    }

@inproceedings{nadav2010limits,
  title={The limits of smoothness: A primal-dual framework for price of anarchy bounds},
    author={Nadav, Uri and Roughgarden, Tim},
      booktitle={International Workshop on Internet and Network Economics},
        pages={319--326},
	  year={2010},
	    organization={Springer}
	    }
	

%% Networking

@article{akyildiz2008survey,
  title={A survey on spectrum management in cognitive radio networks},
    author={Akyildiz, Ian F and Lee, Won-Yeol and Vuran, Mehmet C and Mohanty, Shantidev},
      journal={IEEE Communications magazine},
        volume={46},
	  number={4},
	    pages={40--48},
	      year={2008},
	        publisher={IEEE}
		}
		

@article{kumar2006medium,
  title={Medium Access Control protocols for ad hoc wireless networks: A survey},
    author={Kumar, Sunil and Raghavan, Vineet S and Deng, Jing},
      journal={Ad Hoc Networks},
        volume={4},
	  number={3},
	    pages={326--358},
	      year={2006},
	        publisher={Elsevier}
		}

%% Mechanism Design

@inproceedings{syrgkanis2013composable,
  title={Composable and efficient mechanisms},
    author={Syrgkanis, Vasilis and Tardos, Eva},
      booktitle={Proceedings of the 45th annual ACM Symposium on Theory of Computing},
        pages={211--220},
	  year={2013},
	    organization={ACM}
	    }

@inproceedings{nisan1999algorithmic,
  title={Algorithmic mechanism design},
  author={Nisan, Noam and Ronen, Amir},
  booktitle={Proceedings of the 31st annual ACM Symposium on Theory of Computing},
  pages={129--140},
  year={1999},
  organization={ACM}
}

@inproceedings{roughgarden2009intrinsic,
  title={Intrinsic robustness of the price of anarchy},
    author={Roughgarden, Tim},
      booktitle={Proceedings of the 41st annual ACM Symposium on Theory of Computing},
        pages={513--522},
	  year={2009},
	    organization={ACM}
	    }

@incollection{blum2007learning,
  title={Learning, regret minimization, and equilibria},
    author={Blum, Avrim and Monsour, Yishay},
    editor = {Nisan, Noam and Roughgarden, Tim and Tardos, Eva and Vazirani, Vijay V},
    booktitle = {Algorithmic Game Theory},
      year={2007},
      page={79--101},
      chapter={4},
        publisher={Cambridge University Press}
	}

@inproceedings{blum2006routing,
  title={Routing without regret: On convergence to Nash equilibria of regret-minimizing algorithms in routing games},
    author={Blum, Avrim and Even-Dar, Eyal and Ligett, Katrina},
      booktitle={Proceedings of the twenty-fifth annual ACM Symposium on Principles of Distributed Computing},
        pages={45--52},
	  year={2006},
	    organization={ACM}
	    }

@inproceedings{aland2006exact,
  title={Exact price of anarchy for polynomial congestion games},
    author={Aland, Sebastian and Dumrauf, Dominic and Gairing, Martin and Monien, Burkhard and Schoppmann, Florian},
      booktitle={Annual Symposium on Theoretical Aspects of Computer Science},
        pages={218--229},
	  year={2006},
	    organization={Springer}
	    }

@inproceedings{lucier2010price,
  title={Price of anarchy for greedy auctions},
    author={Lucier, Brendan and Borodin, Allan},
      booktitle={Proceedings of the twenty-first annual ACM-SIAM Symposium on Discrete Algorithms},
        pages={537--553},
	  year={2010},
	    organization={Society for Industrial and Applied Mathematics}
	    }

@inproceedings{roughgarden2012price,
  title={The price of anarchy in games of incomplete information},
    author={Roughgarden, Tim},
      booktitle={Proceedings of the 13th ACM Conference on Electronic Commerce},
        pages={862--879},
	  year={2012},
	    organization={ACM}
	    }

@article{roughgarden2015local,
  title={Local smoothness and the price of anarchy in splittable congestion games},
    author={Roughgarden, Tim and Schoppmann, Florian},
      journal={Journal of Economic Theory},
        volume={156},
	  pages={317--342},
	    year={2015},
	      publisher={Elsevier}
	      }

@book{roughgarden2005selfish,
  title={Selfish routing and the price of anarchy},
    author={Roughgarden, Tim},
      volume={174},
        year={2005},
	  publisher={MIT press Cambridge}
	  }

@inproceedings{koutsoupias1999worst,
  title={Worst-case equilibria},
    author={Koutsoupias, Elias and Papadimitriou, Christos},
      booktitle={Annual Symposium on Theoretical Aspects of Computer Science},
        pages={404--413},
	  year={1999},
	    organization={Springer}
	    }

@inproceedings{vetta2002nash,
  title={Nash equilibria in competitive societies, with applications to facility location, traffic routing and auctions},
    author={Vetta, Adrian},
      booktitle={Proceedings of the 43rd Annual IEEE Symposium on Foundations of Computer Science},
        pages={416--425},
	  year={2002},
	    organization={IEEE}
	    }

@inproceedings{christodoulou2005price,
  title={The price of anarchy of finite congestion games},
    author={Christodoulou, George and Koutsoupias, Elias},
      booktitle={Proceedings of the 37th annual ACM Symposium on Theory of Computing},
        pages={67--73},
	  year={2005},
	    organization={ACM}
	    }

@inproceedings{awerbuch2005price,
  title={The price of routing unsplittable flow},
    author={Awerbuch, Baruch and Azar, Yossi and Epstein, Amir},
      booktitle={Proceedings of the thirty-seventh annual ACM Symposium on Theory of Computing},
        pages={57--66},
	  year={2005},
	    organization={ACM}
	    }
	

@article{monderer1996potential,
  title={Potential games},
    author={Monderer, Dov and Shapley, Lloyd S},
      journal={Games and economic behavior},
        volume={14},
	  number={1},
	    pages={124--143},
	      year={1996},
	        publisher={Elsevier}
		}

@inproceedings{fanelli2012impact,
  title={On the impact of fair best response dynamics},
    author={Fanelli, Angelo and Moscardelli, Luca and Skopalik, Alexander},
      booktitle={International Symposium on Mathematical Foundations of Computer Science},
        pages={360--371},
	  year={2012},
	    organization={Springer}
	    }

@inproceedings{bhawalkar2010weighted,
  title={Weighted congestion games: Price of anarchy, universal worst-case examples, and tightness},
    author={Bhawalkar, Kshipra and Gairing, Martin and Roughgarden, Tim},
      booktitle={European Symposium on Algorithms},
        pages={17--28},
	  year={2010},
	    organization={Springer}
	    }

@article{skinner2010price,
  title={The price of anarchy in basketball},
    author={Skinner, Brian},
      journal={Journal of Quantitative Analysis in Sports},
        volume={6},
	  number={1},
	    year={2010}
	    }

@inproceedings{demaine2007price,
  title={The price of anarchy in network creation games},
    author={Demaine, Erik D and Hajiaghayi, MohammadTaghi and Mahini, Hamid and Zadimoghaddam, Morteza},
      booktitle={Proceedings of the twenty-sixth annual ACM symposium on Principles of Distributed Computing},
        pages={292--298},
	  year={2007},
	    organization={ACM}
	    }

@article{perakis2007price,
  title={The price of anarchy in supply chains: Quantifying the efficiency of price-only contracts},
    author={Perakis, Georgia and Roels, Guillaume},
      journal={Management Science},
        volume={53},
	  number={8},
	    pages={1249--1268},
	      year={2007},
	        publisher={INFORMS}
		}
	
@article{littlestone1988learning,
  title={Learning quickly when irrelevant attributes abound: A new linear-threshold algorithm},
    author={Littlestone, Nick},
      journal={Machine Learning},
        volume={2},
	  number={4},
	    pages={285--318},
	      year={1988},
	        publisher={Springer}
		}

@inproceedings{littlestone1989weighted,
  title={The weighted majority algorithm},
    author={Littlestone, Nick and Warmuth, Manfred K},
      booktitle={Proceedings of the 30th Annual Symposium on Foundations of Computer Science},
	  year={1989},
	    organization={IEEE}
	    }

@article{arora2012multiplicative,
  title={The Multiplicative Weights Update Method: a Meta-Algorithm and Applications.},
    author={Arora, Sanjeev and Hazan, Elad and Kale, Satyen},
      journal={Theory of Computing},
        volume={8},
	  number={1},
	    pages={121--164},
	      year={2012}
	      }
	

@article{tardos2007network,
  title={Network formation games and the potential function method},
    author={Tardos, Eva and Wexler, Tom},
      journal={Algorithmic Game Theory},
        pages={487--516},
	  year={2007},
	    publisher={Cambridge University Press New York}
	    }
	

%% Distributed Optimization

@article{borowski2015,
  title={Learning Efficient Correlated Equilibrium},
  author={H. Borowski and J. R. Marden and J.S. Shamma},
  journal={Submitted for journal publication},
  year={2015},
}

@article{marden2009cooperative,
  title={Cooperative control and potential games},
  author={Marden, Jason R and Arslan, G{\"u}rdal and Shamma, Jeff S},
  journal={IEEE Transactions on Systems, Man, and Cybernetics, Part B (Cybernetics)},
  volume={39},
  number={6},
  pages={1393--1407},
  year={2009},
  publisher={IEEE}
}

@article{li2013designing,
  title={Designing games for distributed optimization},
  author={Li, Na and Marden, Jason R},
  journal={IEEE Journal of Selected Topics in Signal Processing},
  volume={7},
  number={2},
  pages={230--242},
  year={2013},
  publisher={IEEE}
}

@article{foster1997calibrated,
  title={Calibrated learning and correlated equilibrium},
    author={Foster, Dean P and Vohra, Rakesh V},
      journal={Games and Economic Behavior},
        volume={21},
	  number={1},
	    pages={40--55},
	      year={1997},
	        publisher={Elsevier}
		}

@article{hart2000simple,
  title={A simple adaptive procedure leading to correlated equilibrium},
    author={Hart, Sergiu and Mas-Colell, Andreu},
      journal={Econometrica},
        volume={68},
	  number={5},
	    pages={1127--1150},
	      year={2000},
	        publisher={Wiley Online Library}
		}
@inproceedings{van2006complexity,
  title={On the complexity of practical ATL model checking},
  author={Van Der Hoek, Wiebe and Lomuscio, Alessio and Wooldridge, Michael},
  booktitle={Proceedings of the fifth international joint conference on Autonomous agents and multiagent systems},
  pages={201--208},
  year={2006},
  organization={ACM}
}		
@article{wooldridge1997agent,
  title={Agent-based software engineering},
  author={Wooldridge, Michael},
  journal={IEE Proceedings-Software Engineering},
  volume={144},
  number={1},
  pages={26--37},
  year={1997},
  publisher={IET}
}
@article{kouvarous2013automatic,
  title={Automatic Verification of Parameterized Interleaved MultiAgent Systems},
  author={Kouvarous, P and Lomuscio, A},
  journal={Proc. AAMAS13, St. Paul MN},
  year={2013}
}
@inproceedings{doan2014verifying,
  title={Verifying heterogeneous multi-agent programs},
  author={Doan, Thu Trang and Yao, Yuan and Alechina, Natasha and Logan, Brian},
  booktitle={Proceedings of the 2014 international conference on Autonomous agents and multi-agent systems},
  pages={149--156},
  year={2014},
  organization={International Foundation for Autonomous Agents and Multiagent Systems}
}
@inproceedings{singh2012semantics,
  title={Semantics and verification of information-based protocols},
  author={Singh, Munindar P},
  booktitle={Proceedings of the 11th International Conference on Autonomous Agents and Multiagent Systems-Volume 2},
  pages={1149--1156},
  year={2012},
  organization={International Foundation for Autonomous Agents and Multiagent Systems}
}
@inproceedings{boureanu2010model,
  title={Model checking detectability of attacks in multiagent systems},
  author={Boureanu, Ioana and Cohen, Mika and Lomuscio, Alessio},
  booktitle={Proceedings of the 9th International Conference on Autonomous Agents and Multiagent Systems: volume 1-Volume 1},
  pages={691--698},
  year={2010},
  organization={International Foundation for Autonomous Agents and Multiagent Systems}
}
@article{kouvaros2016parameterised,
  title={Parameterised verification for multi-agent systems},
  author={Kouvaros, Panagiotis and Lomuscio, Alessio},
  journal={Artificial Intelligence},
  volume={234},
  pages={152--189},
  year={2016},
  publisher={Elsevier}
}
@inproceedings{lomuscio2009mcmas,
  title={MCMAS: A model checker for the verification of multi-agent systems},
  author={Lomuscio, Alessio and Qu, Hongyang and Raimondi, Franco},
  booktitle={International Conference on Computer Aided Verification},
  pages={682--688},
  year={2009},
  organization={Springer}
}
@inproceedings{wooldridge2002model,
  title={Model checking multi-agent systems with MABLE},
  author={Wooldridge, Michael and Fisher, Michael and Huget, Marc-Philippe and Parsons, Simon},
  booktitle={Proceedings of the first international joint conference on Autonomous agents and multiagent systems: part 2},
  pages={952--959},
  year={2002},
  organization={ACM}
}
@inproceedings{el2011verification,
  title={On the verification of social commitments and time},
  author={El Menshawy, Mohamed and Bentahar, Jamal and Qu, Hongyang and Dssouli, Rachida},
  booktitle={The 10th International Conference on Autonomous Agents and Multiagent Systems-Volume 2},
  pages={483--490},
  year={2011},
  organization={International Foundation for Autonomous Agents and Multiagent Systems}
}
@inproceedings{rao1996agentspeak,
  title={AgentSpeak (L): BDI agents speak out in a logical computable language},
  author={Rao, Anand S},
  booktitle={European Workshop on Modelling Autonomous Agents in a Multi-Agent World},
  pages={42--55},
  year={1996},
  organization={Springer}
}
@article{dennis2012model,
  title={Model checking agent programming languages},
  author={Dennis, Louise A and Fisher, Michael and Webster, Matthew P and Bordini, Rafael H},
  journal={Automated software engineering},
  volume={19},
  number={1},
  pages={5--63},
  year={2012},
  publisher={Springer}
}
@article{schnoebelen2002complexity,
  title={The Complexity of Temporal Logic Model Checking.},
  author={Schnoebelen, Philippe},
  journal={Advances in modal logic},
  volume={4},
  number={393-436},
  pages={35},
  year={2002}
}
@inproceedings{hawblitzel2015ironfleet,
  title={IronFleet: proving practical distributed systems correct},
  author={Hawblitzel, Chris and Howell, Jon and Kapritsos, Manos and Lorch, Jacob R and Parno, Bryan and Roberts, Michael L and Setty, Srinath and Zill, Brian},
  booktitle={Proceedings of the 25th Symposium on Operating Systems Principles},
  pages={1--17},
  year={2015},
  organization={ACM}
}
@inproceedings{leino2010dafny,
  title={Dafny: An automatic program verifier for functional correctness},
  author={Leino, K Rustan M},
  booktitle={International Conference on Logic for Programming Artificial Intelligence and Reasoning},
  pages={348--370},
  year={2010},
  organization={Springer}
}

@inproceedings{sniper,
 author = {Carlson, Trevor E. and Heirman, Wim and Eeckhout, Lieven},
 title = {Sniper: Exploring the Level of Abstraction for Scalable and Accurate Parallel Multi-core Simulation},
 booktitle = {Proceedings of 2011 International Conference for High Performance Computing, Networking, Storage and Analysis},
 series = {SC '11},
 year = {2011},
 isbn = {978-1-4503-0771-0},
 location = {Seattle, Washington},
 pages = {52:1--52:12},
 articleno = {52},
 numpages = {12},
 url = {http://doi.acm.org/10.1145/2063384.2063454},
 doi = {10.1145/2063384.2063454},
 acmid = {2063454},
 publisher = {ACM},
 address = {New York, NY, USA},
 keywords = {interval model, interval simulation, multi-core processor, performance modeling},
}

@inproceedings{splash,
 author = {Woo, Steven Cameron and Ohara, Moriyoshi and Torrie, Evan and Singh, Jaswinder Pal and Gupta, Anoop},
 title = {The SPLASH-2 Programs: Characterization and Methodological Considerations},
 booktitle = {Proceedings of the 22Nd Annual International Symposium on Computer Architecture},
 series = {ISCA '95},
 year = {1995},
 isbn = {0-89791-698-0},
 location = {S. Margherita Ligure, Italy},
 pages = {24--36},
 numpages = {13},
 url = {http://doi.acm.org/10.1145/223982.223990},
 doi = {10.1145/223982.223990},
 acmid = {223990},
 publisher = {ACM},
 address = {New York, NY, USA},
}

@INPROCEEDINGS{mcpat,
author={S. Li and J. H. Ahn and R. D. Strong and J. B. Brockman and D. M. Tullsen and N. P. Jouppi},
booktitle={2009 42nd Annual IEEE/ACM International Symposium on Microarchitecture (MICRO)},
title={McPAT: An integrated power, area, and timing modeling framework for multicore and manycore architectures},
year={2009},
volume={},
number={},
pages={469-480},
keywords={XML;cache storage;computer architecture;logic design;microprocessor chips;performance evaluation;ITRS roadmap;McPAT;PARSEC benchmark simulation;SOI;XML interface;bulk CMOS;cache sharing;chip multiprocessor;critical-path timing modeling;double-gate transistors;energy-delay-area product;in-order processor cores;integrated memory controllers;leakage power modeling;manycore architectures;manycore processor configurations;microarchitectural level;multicore architectures;multiple-domain clocking;networks-on-chip;out-of-order processor cores;performance simulator;shared caches;size 90 nm to 22 nm;Costs;Electronic design automation and methodology;Integrated circuit interconnections;Microarchitecture;Multicore processing;Out of order;Predictive models;Semiconductor device modeling;Space exploration;Timing;Performance;Verification},
doi={},
ISSN={1072-4451},
month={Dec},}
