@article{gem5_sim, 
	author = {Binkert, Nathan and Beckmann, Bradford and Black, Gabriel and Reinhardt, Steven K. and Saidi, Ali and Basu, Arkaprava and Hestness, Joel and Hower, Derek R. and Krishna, Tushar and Sardashti, Somayeh and et al.}, 
	title = {The Gem5 Simulator}, 
	year = {2011}, 
	issue_date = {May 2011}, 
	publisher = {Association for Computing Machinery}, 
	address = {New York, NY, USA}, 
	volume = {39}, 
	number = {2}, 
	issn = {0163-5964}, 
	url = {https://doi.org/10.1145/2024716.2024718}, 
	doi = {10.1145/2024716.2024718}, 
	journal = {SIGARCH Comput. Archit. News}, 
	month = aug, 
	pages = {1â€“7}, 
	numpages = {7} 
}

@inproceedings{Spec_TT,
  title={Speculative Taint Tracking (STT) A Comprehensive Protection for Speculatively Accessed Data},
  author={Yu, Jiyong and Yan, Mengjia and Khyzha, Artem and Morrison, Adam and Torrellas, Josep and Fletcher, Christopher W},
  booktitle={Proceedings of the 52nd Annual IEEE/ACM International Symposium on Microarchitecture},
  pages={954--968},
  year={2019}
}

@article{GARUDA, 
	author={S. {Sefton} and T. {Siddiqui} and N. S. {Amour} and G. {Stewart} and A. K. {Kodi}}, 
	journal={IEEE Transactions on Computer-Aided Design of Integrated Circuits and Systems}, 
	title={GARUDA: Designing Energy-Efficient Hardware Monitors From High-Level Policies for Secure Information Flow}, 
	year={2018}, 
		month={Nov},
	volume={37}, 
	number={11}, 
	pages={2509-2518}, 
	doi={10.1109/TCAD.2018.2857041}, 
	ISSN={1937-4151}, 
}